%YAML 1.1
%TAG !u! tag:unity3d.com,2011:
--- !u!1 &1275664572734852258
GameObject:
  m_ObjectHideFlags: 0
  m_CorrespondingSourceObject: {fileID: 0}
  m_PrefabInstance: {fileID: 0}
  m_PrefabAsset: {fileID: 0}
  serializedVersion: 6
  m_Component:
  - component: {fileID: 3176134035659889579}
  - component: {fileID: 7718448050843496966}
  - component: {fileID: 2079925882844833249}
  - component: {fileID: 1079370836201825493}
  - component: {fileID: 9160275055282656206}
  m_Layer: 0
  m_Name: icon3
  m_TagString: Untagged
  m_Icon: {fileID: 0}
  m_NavMeshLayer: 0
  m_StaticEditorFlags: 0
  m_IsActive: 1
--- !u!4 &3176134035659889579
Transform:
  m_ObjectHideFlags: 0
  m_CorrespondingSourceObject: {fileID: 0}
  m_PrefabInstance: {fileID: 0}
  m_PrefabAsset: {fileID: 0}
  m_GameObject: {fileID: 1275664572734852258}
  serializedVersion: 2
  m_LocalRotation: {x: -1, y: -0, z: -0, w: 0}
  m_LocalPosition: {x: -0.5, y: 0, z: -9}
  m_LocalScale: {x: 561.2935, y: 561.2935, z: 561.2935}
  m_ConstrainProportionsScale: 0
  m_Children:
  - {fileID: 5306715881377650104}
  m_Father: {fileID: 0}
  m_LocalEulerAnglesHint: {x: -180, y: 0, z: 0}
--- !u!33 &7718448050843496966
MeshFilter:
  m_ObjectHideFlags: 0
  m_CorrespondingSourceObject: {fileID: 0}
  m_PrefabInstance: {fileID: 0}
  m_PrefabAsset: {fileID: 0}
  m_GameObject: {fileID: 1275664572734852258}
  m_Mesh: {fileID: 366053311061458038, guid: a06167ec3970635448fbdf1966a32bb8, type: 3}
--- !u!23 &2079925882844833249
MeshRenderer:
  m_ObjectHideFlags: 0
  m_CorrespondingSourceObject: {fileID: 0}
  m_PrefabInstance: {fileID: 0}
  m_PrefabAsset: {fileID: 0}
  m_GameObject: {fileID: 1275664572734852258}
  m_Enabled: 1
  m_CastShadows: 1
  m_ReceiveShadows: 1
  m_DynamicOccludee: 1
  m_StaticShadowCaster: 0
  m_MotionVectors: 1
  m_LightProbeUsage: 1
  m_ReflectionProbeUsage: 1
  m_RayTracingMode: 2
  m_RayTraceProcedural: 0
  m_RenderingLayerMask: 1
  m_RendererPriority: 0
  m_Materials:
  - {fileID: 2100000, guid: f699f54e7777751419f397c3a866c212, type: 2}
  m_StaticBatchInfo:
    firstSubMesh: 0
    subMeshCount: 0
  m_StaticBatchRoot: {fileID: 0}
  m_ProbeAnchor: {fileID: 0}
  m_LightProbeVolumeOverride: {fileID: 0}
  m_ScaleInLightmap: 1
  m_ReceiveGI: 1
  m_PreserveUVs: 0
  m_IgnoreNormalsForChartDetection: 0
  m_ImportantGI: 0
  m_StitchLightmapSeams: 1
  m_SelectedEditorRenderState: 3
  m_MinimumChartSize: 4
  m_AutoUVMaxDistance: 0.5
  m_AutoUVMaxAngle: 89
  m_LightmapParameters: {fileID: 0}
  m_SortingLayerID: 0
  m_SortingLayer: 0
  m_SortingOrder: 0
  m_AdditionalVertexStreams: {fileID: 0}
--- !u!114 &1079370836201825493
MonoBehaviour:
  m_ObjectHideFlags: 0
  m_CorrespondingSourceObject: {fileID: 0}
  m_PrefabInstance: {fileID: 0}
  m_PrefabAsset: {fileID: 0}
  m_GameObject: {fileID: 1275664572734852258}
  m_Enabled: 1
  m_EditorHideFlags: 0
  m_Script: {fileID: 11500000, guid: 5e154a9fcc0a4bbdbc4785a9b5ebe601, type: 3}
  m_Name: 
  m_EditorClassIdentifier: 
  engraveView: {fileID: 2047395505886360474}
  speedObj: 7
--- !u!65 &9160275055282656206
BoxCollider:
  m_ObjectHideFlags: 0
  m_CorrespondingSourceObject: {fileID: 0}
  m_PrefabInstance: {fileID: 0}
  m_PrefabAsset: {fileID: 0}
  m_GameObject: {fileID: 1275664572734852258}
  m_Material: {fileID: 0}
  m_IncludeLayers:
    serializedVersion: 2
    m_Bits: 0
  m_ExcludeLayers:
    serializedVersion: 2
    m_Bits: 0
  m_LayerOverridePriority: 0
  m_IsTrigger: 0
  m_ProvidesContacts: 0
  m_Enabled: 1
  serializedVersion: 3
  m_Size: {x: 0.000681401, y: 0.000681401, z: 0.00007378948}
  m_Center: {x: -0.0000019389845, y: -0.00000042519144, z: 0.000032206743}
--- !u!1001 &589600669423819210
PrefabInstance:
  m_ObjectHideFlags: 0
  serializedVersion: 2
  m_Modification:
    serializedVersion: 3
    m_TransformParent: {fileID: 3176134035659889579}
    m_Modifications:
    - target: {fileID: 2864378957531414733, guid: c4678d5418a578946a92829f9df736ce,
        type: 3}
      propertyPath: m_Sprite
      value: 
      objectReference: {fileID: 21300000, guid: 5e0d1def2eacd314a8d1bfbdc764828c,
        type: 3}
    - target: {fileID: 3849347890600214080, guid: c4678d5418a578946a92829f9df736ce,
        type: 3}
      propertyPath: m_PresetInfoIsWorld
      value: 1
      objectReference: {fileID: 0}
    - target: {fileID: 4723030627596012658, guid: c4678d5418a578946a92829f9df736ce,
        type: 3}
      propertyPath: m_Pivot.x
      value: 0.5
      objectReference: {fileID: 0}
    - target: {fileID: 4723030627596012658, guid: c4678d5418a578946a92829f9df736ce,
        type: 3}
      propertyPath: m_Pivot.y
      value: 0.5
      objectReference: {fileID: 0}
    - target: {fileID: 4723030627596012658, guid: c4678d5418a578946a92829f9df736ce,
        type: 3}
      propertyPath: m_AnchorMax.x
      value: 0
      objectReference: {fileID: 0}
    - target: {fileID: 4723030627596012658, guid: c4678d5418a578946a92829f9df736ce,
        type: 3}
      propertyPath: m_AnchorMax.y
      value: 0
      objectReference: {fileID: 0}
    - target: {fileID: 4723030627596012658, guid: c4678d5418a578946a92829f9df736ce,
        type: 3}
      propertyPath: m_AnchorMin.x
      value: 0
      objectReference: {fileID: 0}
    - target: {fileID: 4723030627596012658, guid: c4678d5418a578946a92829f9df736ce,
        type: 3}
      propertyPath: m_AnchorMin.y
      value: 0
      objectReference: {fileID: 0}
    - target: {fileID: 4723030627596012658, guid: c4678d5418a578946a92829f9df736ce,
        type: 3}
      propertyPath: m_SizeDelta.x
      value: 2
      objectReference: {fileID: 0}
    - target: {fileID: 4723030627596012658, guid: c4678d5418a578946a92829f9df736ce,
        type: 3}
      propertyPath: m_SizeDelta.y
      value: 2
      objectReference: {fileID: 0}
    - target: {fileID: 4723030627596012658, guid: c4678d5418a578946a92829f9df736ce,
        type: 3}
      propertyPath: m_LocalScale.x
      value: 0.00014595999
      objectReference: {fileID: 0}
    - target: {fileID: 4723030627596012658, guid: c4678d5418a578946a92829f9df736ce,
        type: 3}
      propertyPath: m_LocalScale.y
      value: 0.00014595999
      objectReference: {fileID: 0}
    - target: {fileID: 4723030627596012658, guid: c4678d5418a578946a92829f9df736ce,
        type: 3}
      propertyPath: m_LocalScale.z
      value: 0.00014595999
      objectReference: {fileID: 0}
    - target: {fileID: 4723030627596012658, guid: c4678d5418a578946a92829f9df736ce,
        type: 3}
      propertyPath: m_LocalPosition.x
      value: 0
      objectReference: {fileID: 0}
    - target: {fileID: 4723030627596012658, guid: c4678d5418a578946a92829f9df736ce,
        type: 3}
      propertyPath: m_LocalPosition.y
      value: 0
      objectReference: {fileID: 0}
    - target: {fileID: 4723030627596012658, guid: c4678d5418a578946a92829f9df736ce,
        type: 3}
      propertyPath: m_LocalPosition.z
      value: 0.000071
      objectReference: {fileID: 0}
    - target: {fileID: 4723030627596012658, guid: c4678d5418a578946a92829f9df736ce,
        type: 3}
      propertyPath: m_LocalRotation.w
      value: 0
      objectReference: {fileID: 0}
    - target: {fileID: 4723030627596012658, guid: c4678d5418a578946a92829f9df736ce,
        type: 3}
      propertyPath: m_LocalRotation.x
      value: 1
      objectReference: {fileID: 0}
    - target: {fileID: 4723030627596012658, guid: c4678d5418a578946a92829f9df736ce,
        type: 3}
      propertyPath: m_LocalRotation.y
      value: 0
      objectReference: {fileID: 0}
    - target: {fileID: 4723030627596012658, guid: c4678d5418a578946a92829f9df736ce,
        type: 3}
      propertyPath: m_LocalRotation.z
      value: 0
      objectReference: {fileID: 0}
    - target: {fileID: 4723030627596012658, guid: c4678d5418a578946a92829f9df736ce,
        type: 3}
      propertyPath: m_AnchoredPosition.x
      value: 0.0000056087
      objectReference: {fileID: 0}
    - target: {fileID: 4723030627596012658, guid: c4678d5418a578946a92829f9df736ce,
        type: 3}
      propertyPath: m_AnchoredPosition.y
      value: -0.0000089291
      objectReference: {fileID: 0}
    - target: {fileID: 4723030627596012658, guid: c4678d5418a578946a92829f9df736ce,
        type: 3}
      propertyPath: m_LocalEulerAnglesHint.x
      value: 0
      objectReference: {fileID: 0}
    - target: {fileID: 4723030627596012658, guid: c4678d5418a578946a92829f9df736ce,
        type: 3}
      propertyPath: m_LocalEulerAnglesHint.y
      value: 180
      objectReference: {fileID: 0}
    - target: {fileID: 4723030627596012658, guid: c4678d5418a578946a92829f9df736ce,
        type: 3}
      propertyPath: m_LocalEulerAnglesHint.z
      value: 180
      objectReference: {fileID: 0}
    - target: {fileID: 4723030627596012658, guid: c4678d5418a578946a92829f9df736ce,
        type: 3}
      propertyPath: m_ConstrainProportionsScale
      value: 1
      objectReference: {fileID: 0}
    - target: {fileID: 5170153441912856801, guid: c4678d5418a578946a92829f9df736ce,
        type: 3}
      propertyPath: m_SizeDelta.x
      value: 2480.7957
      objectReference: {fileID: 0}
    - target: {fileID: 5170153441912856801, guid: c4678d5418a578946a92829f9df736ce,
        type: 3}
      propertyPath: m_SizeDelta.y
      value: 1754
      objectReference: {fileID: 0}
    - target: {fileID: 5170153441912856801, guid: c4678d5418a578946a92829f9df736ce,
        type: 3}
      propertyPath: m_LocalScale.x
      value: 0.0021437297
      objectReference: {fileID: 0}
    - target: {fileID: 5170153441912856801, guid: c4678d5418a578946a92829f9df736ce,
        type: 3}
      propertyPath: m_LocalScale.y
      value: 0.0021437297
      objectReference: {fileID: 0}
    - target: {fileID: 5170153441912856801, guid: c4678d5418a578946a92829f9df736ce,
        type: 3}
      propertyPath: m_LocalScale.z
      value: 0.0021437297
      objectReference: {fileID: 0}
    - target: {fileID: 7106528599017905091, guid: c4678d5418a578946a92829f9df736ce,
        type: 3}
      propertyPath: m_Name
      value: GravirovkaPrafab
      objectReference: {fileID: 0}
    m_RemovedComponents: []
    m_RemovedGameObjects: []
    m_AddedGameObjects: []
    m_AddedComponents: []
  m_SourcePrefab: {fileID: 100100000, guid: c4678d5418a578946a92829f9df736ce, type: 3}
--- !u!114 &2047395505886360474 stripped
MonoBehaviour:
  m_CorrespondingSourceObject: {fileID: 1461244296907762256, guid: c4678d5418a578946a92829f9df736ce,
    type: 3}
  m_PrefabInstance: {fileID: 589600669423819210}
  m_PrefabAsset: {fileID: 0}
  m_GameObject: {fileID: 0}
  m_Enabled: 1
  m_EditorHideFlags: 0
  m_Script: {fileID: 11500000, guid: a4f20d7796664fc3b8c9edb1164c0da8, type: 3}
  m_Name: 
  m_EditorClassIdentifier: 
--- !u!224 &5306715881377650104 stripped
RectTransform:
  m_CorrespondingSourceObject: {fileID: 4723030627596012658, guid: c4678d5418a578946a92829f9df736ce,
    type: 3}
  m_PrefabInstance: {fileID: 589600669423819210}
  m_PrefabAsset: {fileID: 0}
